@misc{epc014,
  author = {European Payments Council},
  title = {{SRTP Scheme Rulebook v4.0}},
  year = {2025},
  url = {https://www.europeanpaymentscouncil.eu/sites/default/files/kb/file/2024-11/EPC014-20%20v4.0%20SEPA%20RTP%20Scheme%20Rulebook.pdf}
}

@misc{epc137,
  author = {European Payments Council},
  title = {{EPC137 - SRTP Implementation Guidelines}},
  year = {2023},
  url = {https://www.europeanpaymentscouncil.eu/document-library/implementation-guidelines/sepa-request-pay-implementation-guidelines-version-30}
}

@misc{epc164,
  author = {European Payments Council},
  title = {{EPC164 - API Security Framework}},
  year = {2023},
  url = {https://www.europeanpaymentscouncil.eu/sites/default/files/kb/file/2024-10/EPC164-22%20v2.0%20API%20Security%20Framework.pdf}
}